<record><leader>00000cas a22000007a 4500</leader><controlfield tag="001">12569828</controlfield><controlfield tag="008">850918d18931912aluwr ne      0    0eng d</controlfield><datafield ind1=" " ind2=" " tag="010"><subfield code="a">sn 85044927 </subfield></datafield><datafield ind1=" " ind2=" " tag="040"><subfield code="a">CPN</subfield><subfield code="b">eng</subfield><subfield code="c">CPN</subfield><subfield code="d">OCLCQ</subfield></datafield><datafield ind1=" " ind2=" " tag="042"><subfield code="a">msc</subfield></datafield><datafield ind1="0" ind2=" " tag="130"><subfield code="a">Banner (Clanton, Ala.)</subfield></datafield><datafield ind1="1" ind2="4" tag="245"><subfield code="a">The Banner.</subfield></datafield><datafield ind1=" " ind2=" " tag="260"><subfield code="a">Clanton, Ala. :</subfield><subfield code="b">The Banner</subfield></datafield><datafield ind1=" " ind2=" " tag="300"><subfield code="a">v. :</subfield><subfield code="b">ill.</subfield></datafield><datafield ind1=" " ind2=" " tag="310"><subfield code="a">Weekly</subfield></datafield><datafield ind1="0" ind2=" " tag="362"><subfield code="a">-v. 20, no. 26 (Apr. 4, 1912).</subfield></datafield><datafield ind1="1" ind2=" " tag="362"><subfield code="a">Began with Jan. 19, 1893 issue.</subfield></datafield><datafield ind1=" " ind2=" " tag="550"><subfield code="a">Official organ State Assembly of Knights of Labor of Alabama.</subfield></datafield><datafield ind1=" " ind2=" " tag="588"><subfield code="a">Description based on: Vol. 1, no. 11 (Jan. 26, 1893).</subfield></datafield><datafield ind1=" " ind2=" " tag="752"><subfield code="a">United States</subfield><subfield code="b">Alabama</subfield><subfield code="c">Chilton</subfield><subfield code="d">Clanton.</subfield></datafield><datafield ind1="0" ind2="0" tag="780"><subfield code="t">People's Party banner</subfield><subfield code="w">(DLC)sn 88050192</subfield></datafield><datafield ind1="0" ind2="7" tag="785"><subfield code="t">Union (Clanton, Ala.)</subfield><subfield code="w">(DLC)sn 86050146</subfield></datafield><datafield ind1="0" ind2="7" tag="785"><subfield code="t">Union-banner</subfield><subfield code="w">(DLC)sn 85044928</subfield></datafield><datafield ind1="1" ind2=" " tag="029"><subfield code="a">AU@</subfield><subfield code="b">000025831754</subfield></datafield></record>